<record><leader>00000cas a22000007a 4500</leader><controlfield tag="001">13311008</controlfield><controlfield tag="008">860319d19181927iduwr ne      0    0eng d</controlfield><datafield ind1=" " ind2=" " tag="010"><subfield code="a">sn 86091221 </subfield></datafield><datafield ind1=" " ind2=" " tag="040"><subfield code="a">UNP</subfield><subfield code="b">eng</subfield><subfield code="c">UNP</subfield><subfield code="d">NVB</subfield><subfield code="d">OCLCQ</subfield></datafield><datafield ind1=" " ind2=" " tag="042"><subfield code="a">msc</subfield></datafield><datafield ind1=" " ind2="4" tag="050"><subfield code="a">AN2.I2</subfield><subfield code="b">T84</subfield></datafield><datafield ind1="0" ind2="0" tag="245"><subfield code="a">Twin Falls weekly news.</subfield></datafield><datafield ind1=" " ind2=" " tag="260"><subfield code="a">Twin Falls, Idaho :</subfield><subfield code="b">Twin Falls News Pub. Co.,</subfield><subfield code="c">1918-</subfield></datafield><datafield ind1=" " ind2=" " tag="300"><subfield code="a">v. :</subfield><subfield code="b">ill.</subfield></datafield><datafield ind1=" " ind2=" " tag="310"><subfield code="a">Weekly</subfield></datafield><datafield ind1="0" ind2=" " tag="362"><subfield code="a">14th year, no. 26 (June 6, 1918)-</subfield></datafield><datafield ind1="1" ind2=" " tag="362"><subfield code="a">Ceased in 1927?</subfield></datafield><datafield ind1=" " ind2=" " tag="752"><subfield code="a">United States</subfield><subfield code="b">Idaho</subfield><subfield code="c">Twin Falls</subfield><subfield code="d">Twin Falls.</subfield></datafield><datafield ind1="0" ind2=" " tag="775"><subfield code="t">Twin Falls daily news</subfield><subfield code="w">(DLC)sn 89055259</subfield></datafield><datafield ind1="0" ind2="0" tag="780"><subfield code="t">Twin Falls news (Twin Falls, Idaho)</subfield><subfield code="w">(DLC)sn 86091220</subfield><subfield code="w">(OCoLC)13310969</subfield></datafield></record>